@article{lee2008dynamic,
  title={Dynamic analysis of integrated signaling, metabolic, and regulatory networks},
  author={Lee, Jong Min and Gianchandani, Erwin P and Eddy, James A and Papin, Jason A},
  journal={PLoS computational biology},
  volume={4},
  number={5},
  pages={e1000086},
  year={2008},
  publisher={Public Library of Science}
}
